<collection xmlns="http://www.loc.gov/MARC21/slim">
<record>
  <leader>01143nam0a22002651i 450 </leader>
  <controlfield tag="001">IT\ICCU\CNCE\060717</controlfield>
  <controlfield tag="005">20130610000000.0</controlfield>
  <datafield tag="012" ind1=" " ind2=" ">
    <subfield code="a">dis- dee; oie. CiTa (7) 1548 (R)</subfield>
    <subfield code="2">fei</subfield>
  </datafield>
  <datafield tag="100" ind1=" " ind2=" ">
    <subfield code="a">20050715d1547        0itac0103    ba</subfield>
  </datafield>
  <datafield tag="101" ind1=" " ind2=" ">
    <subfield code="a">ITA</subfield>
  </datafield>
  <datafield tag="102" ind1=" " ind2=" ">
    <subfield code="a">IT</subfield>
  </datafield>
  <datafield tag="200" ind1="1" ind2=" ">
    <subfield code="a">℗La ℗progne tragedia noua di m. Girolamo Parabosco</subfield>
  </datafield>
  <datafield tag="210" ind1=" " ind2=" ">
    <subfield code="a">In Vinegia</subfield>
    <subfield code="c">a San Luca al segno della Cognitione</subfield>
    <subfield code="d">1547</subfield>
    <subfield code="e">In Vinegia</subfield>
    <subfield code="g">per Comin da Trino</subfield>
    <subfield code="h">1547</subfield>
  </datafield>
  <datafield tag="215" ind1=" " ind2=" ">
    <subfield code="a">32 c.</subfield>
    <subfield code="d">8ʻ</subfield>
  </datafield>
  <datafield tag="300" ind1=" " ind2=" ">
    <subfield code="a">ANNULLATA e ̈24602</subfield>
  </datafield>
  <datafield tag="620" ind1=" " ind2=" ">
    <subfield code="a">IT</subfield>
    <subfield code="d">Venezia</subfield>
  </datafield>
  <datafield tag="700" ind1=" " ind2="1">
    <subfield code="a">Parabosco,</subfield>
    <subfield code="b">Girolamo</subfield>
    <subfield code="3">IT\ICCU\CNCA\006777</subfield>
  </datafield>
  <datafield tag="712" ind1="0" ind2="2">
    <subfield code="a">Comin da Trino</subfield>
    <subfield code="3">IT\ICCU\CNCT\000112</subfield>
    <subfield code="4">650</subfield>
  </datafield>
  <datafield tag="712" ind1="0" ind2="2">
    <subfield code="a">℗al segno della ℗Cognizione</subfield>
    <subfield code="3">IT\ICCU\CNCT\001569</subfield>
    <subfield code="4">650</subfield>
  </datafield>
  <datafield tag="791" ind1="0" ind2="2">
    <subfield code="a">Cominus de Tridino</subfield>
    <subfield code="3">IT\ICCU\CNCT\004645</subfield>
    <subfield code="z">Comin da Trino</subfield>
  </datafield>
  <datafield tag="791" ind1="0" ind2="0">
    <subfield code="a">Trino, Comin</subfield>
    <subfield code="3">IT\ICCU\CNCT\004646</subfield>
    <subfield code="z">Comin da Trino</subfield>
  </datafield>
  <datafield tag="791" ind1="0" ind2="2">
    <subfield code="a">℗Al segno della ℗Cognitione</subfield>
    <subfield code="3">IT\ICCU\CNCT\004626</subfield>
    <subfield code="z">℗al segno della ℗Cognizione</subfield>
  </datafield>
  <datafield tag="791" ind1="0" ind2="2">
    <subfield code="a">℗ad signum ℗Cognitionis</subfield>
    <subfield code="3">IT\ICCU\CNCT\004627</subfield>
    <subfield code="z">℗al segno della ℗Cognizione</subfield>
  </datafield>
  <datafield tag="801" ind1=" " ind2="3">
    <subfield code="a">IT</subfield>
    <subfield code="b">ICCU</subfield>
    <subfield code="c">20201115</subfield>
  </datafield>
  <datafield tag="899" ind1=" " ind2=" ">
    <subfield code="a">Biblioteca Livia Simoni. Museo teatrale alla Scala. Milano</subfield>
    <subfield code="1">MI0169</subfield>
    <subfield code="2">ZMI 16</subfield>
  </datafield>
</record>
</collection>
